
              <marcx:record format="danMARC2" type="BibliographicMain">
                <marcx:leader>000000000000000000000000</marcx:leader>
                <marcx:datafield ind1="0" ind2="0" tag="001">
                  <marcx:subfield code="a">28330405</marcx:subfield>
                  <marcx:subfield code="b">870970</marcx:subfield>
                  <marcx:subfield code="c">20120203122452</marcx:subfield>
                  <marcx:subfield code="d">20100624</marcx:subfield>
                  <marcx:subfield code="f">a</marcx:subfield>
                </marcx:datafield>
                <marcx:datafield ind1="0" ind2="0" tag="004">
                  <marcx:subfield code="r">n</marcx:subfield>
                  <marcx:subfield code="a">h</marcx:subfield>
                </marcx:datafield>
                <marcx:datafield ind1="0" ind2="0" tag="008">
                  <marcx:subfield code="b">dk</marcx:subfield>
                  <marcx:subfield code="d">x</marcx:subfield>
                  <marcx:subfield code="j">f</marcx:subfield>
                  <marcx:subfield code="l">dan</marcx:subfield>
                  <marcx:subfield code="v"/>
                </marcx:datafield>
                <marcx:datafield ind1="0" ind2="0" tag="009">
                  <marcx:subfield code="a">a</marcx:subfield>
                  <marcx:subfield code="g">xx</marcx:subfield>
                </marcx:datafield>
                <marcx:datafield ind1="0" ind2="0" tag="041">
                  <marcx:subfield code="a">dan</marcx:subfield>
                  <marcx:subfield code="c">nor</marcx:subfield>
                </marcx:datafield>
                <marcx:datafield ind1="0" ind2="0" tag="100">
                  <marcx:subfield code="a">Knausgård</marcx:subfield>
                  <marcx:subfield code="h">Karl Ove</marcx:subfield>
                  <marcx:subfield code="4">aut</marcx:subfield>
                </marcx:datafield>
                <marcx:datafield ind1="0" ind2="0" tag="241">
                  <marcx:subfield code="a">Min kamp</marcx:subfield>
                  <marcx:subfield code="r">norsk</marcx:subfield>
                </marcx:datafield>
                <marcx:datafield ind1="0" ind2="0" tag="245">
                  <marcx:subfield code="a">Min kamp</marcx:subfield>
                  <marcx:subfield code="c">roman</marcx:subfield>
                </marcx:datafield>
                <marcx:datafield ind1="0" ind2="0" tag="260">
                  <marcx:subfield code="&amp;">1</marcx:subfield>
                  <marcx:subfield code="a">Kbh.</marcx:subfield>
                  <marcx:subfield code="b">Lindhardt og Ringhof</marcx:subfield>
                  <marcx:subfield code="c">2010-</marcx:subfield>
                </marcx:datafield>
                <marcx:datafield ind1="0" ind2="0" tag="300">
                  <marcx:subfield code="a">bind</marcx:subfield>
                </marcx:datafield>
                <marcx:datafield ind1="0" ind2="0" tag="652">
                  <marcx:subfield code="n">85</marcx:subfield>
                  <marcx:subfield code="z">26</marcx:subfield>
                </marcx:datafield>
                <marcx:datafield ind1="0" ind2="0" tag="652">
                  <marcx:subfield code="o">sk</marcx:subfield>
                </marcx:datafield>
                <marcx:datafield ind1="0" ind2="0" tag="666">
                  <marcx:subfield code="0"/>
                  <marcx:subfield code="s">far-søn forholdet</marcx:subfield>
                </marcx:datafield>
                <marcx:datafield ind1="0" ind2="0" tag="666">
                  <marcx:subfield code="0"/>
                  <marcx:subfield code="s">døden</marcx:subfield>
                </marcx:datafield>
                <marcx:datafield ind1="0" ind2="0" tag="666">
                  <marcx:subfield code="0"/>
                  <marcx:subfield code="s">alkoholmisbrug</marcx:subfield>
                </marcx:datafield>
                <marcx:datafield ind1="0" ind2="0" tag="666">
                  <marcx:subfield code="0"/>
                  <marcx:subfield code="s">forfattere</marcx:subfield>
                </marcx:datafield>
                <marcx:datafield ind1="0" ind2="0" tag="666">
                  <marcx:subfield code="0"/>
                  <marcx:subfield code="s">familien</marcx:subfield>
                </marcx:datafield>
                <marcx:datafield ind1="0" ind2="0" tag="666">
                  <marcx:subfield code="0"/>
                  <marcx:subfield code="s">parforhold</marcx:subfield>
                </marcx:datafield>
                <marcx:datafield ind1="0" ind2="0" tag="666">
                  <marcx:subfield code="0"/>
                  <marcx:subfield code="s">forældre</marcx:subfield>
                </marcx:datafield>
                <marcx:datafield ind1="0" ind2="0" tag="666">
                  <marcx:subfield code="0"/>
                  <marcx:subfield code="s">børn</marcx:subfield>
                </marcx:datafield>
                <marcx:datafield ind1="0" ind2="0" tag="666">
                  <marcx:subfield code="0"/>
                  <marcx:subfield code="s">barndom</marcx:subfield>
                </marcx:datafield>
                <marcx:datafield ind1="0" ind2="0" tag="666">
                  <marcx:subfield code="0"/>
                  <marcx:subfield code="s">identitet</marcx:subfield>
                </marcx:datafield>
                <marcx:datafield ind1="0" ind2="0" tag="666">
                  <marcx:subfield code="0"/>
                  <marcx:subfield code="s">barndomserindringer</marcx:subfield>
                </marcx:datafield>
                <marcx:datafield ind1="0" ind2="0" tag="666">
                  <marcx:subfield code="0"/>
                  <marcx:subfield code="s">erindringer</marcx:subfield>
                </marcx:datafield>
                <marcx:datafield ind1="0" ind2="0" tag="666">
                  <marcx:subfield code="0"/>
                  <marcx:subfield code="i">1980-1989</marcx:subfield>
                </marcx:datafield>
                <marcx:datafield ind1="0" ind2="0" tag="666">
                  <marcx:subfield code="0"/>
                  <marcx:subfield code="i">1990-1999</marcx:subfield>
                </marcx:datafield>
                <marcx:datafield ind1="0" ind2="0" tag="666">
                  <marcx:subfield code="0"/>
                  <marcx:subfield code="i">2000-2009</marcx:subfield>
                </marcx:datafield>
                <marcx:datafield ind1="0" ind2="0" tag="666">
                  <marcx:subfield code="0"/>
                  <marcx:subfield code="q">Norge</marcx:subfield>
                </marcx:datafield>
                <marcx:datafield ind1="0" ind2="0" tag="666">
                  <marcx:subfield code="0"/>
                  <marcx:subfield code="q">Sverige</marcx:subfield>
                </marcx:datafield>
                <marcx:datafield ind1="0" ind2="0" tag="720">
                  <marcx:subfield code="o">Sara Koch</marcx:subfield>
                  <marcx:subfield code="4">trl</marcx:subfield>
                </marcx:datafield>
              </marcx:record>